%% This BibTeX bibliography file was created using BibDesk.
%% http://bibdesk.sourceforge.net/


%% Created for Johan HÃ¤ger at 2015-02-16 15:21:08 +0100 


%% Saved with string encoding Unicode (UTF-8) 



@misc{androidDesignPrinciples,
	Author = {Google (2015)},
	Date-Added = {2015-02-16 14:17:38 +0000},
	Date-Modified = {2015-02-16 14:21:08 +0000},
	Howpublished = {\url{https://developer.android.com/design/get-started/principles.html} [2015-02-16]},
	Title = {\textit{Android Design Principles}}}

@misc{GoogleGlassFrameResponse,
	Author = {{Olsson, Isabelle} (2012)},
	Date-Added = {2015-02-16 12:40:02 +0000},
	Date-Modified = {2015-02-16 12:41:27 +0000},
	Howpublished = {\url{https://plus.google.com/110625673290805573805/posts/Nmc8LuwFw5M} [2015-02-16]},
	Title = {\textit{Google Glass Frames}}}

@misc{glassDesignStyle,
	Author = {Google (2015)},
	Date-Added = {2015-02-16 10:35:23 +0000},
	Date-Modified = {2015-02-16 10:37:42 +0000},
	Howpublished = {\url{https://developers.google.com/glass/design/style} [2015-02-16]},
	Title = {\textit{Card Regions}}}

@misc{GoogleGlassAnnouncement,
	Author = {{Parviz, Babak}. {Lee, Steve}. {Thrun, Sebastian}. (2012)},
	Date-Added = {2015-02-16 09:40:43 +0000},
	Date-Modified = {2015-02-16 10:53:53 +0000},
	Howpublished = {\url{https://plus.google.com/u/0/wm/4/+GoogleGlass/posts/aKymsANgWBD} [2015-02-16]},
	Title = {\textit{Google Glass}}}

@misc{GoogleGlassConcept,
	Author = {Google (2012)},
	Date-Added = {2015-02-16 09:33:58 +0000},
	Date-Modified = {2015-02-16 09:35:36 +0000},
	Howpublished = {\url{http://youtu.be/9c6W4CCU9M4} [2015-02-16]},
	Title = {\textit{Project Glass: One day...} [{O}nline video]}}

@article{laramee02,
	Author = {{Laramee, Robert S}. {Ware, Colin}.},
	Date-Added = {2015-02-13 14:32:53 +0000},
	Date-Modified = {2015-02-16 10:52:52 +0000},
	Journal = {ACM Trans. Comput.-Hum. Interact.},
	Keywords = {Wearable computing, augmented reality, binocular rivalry, head-mounted display, heads-up display, mobile computing devices, see-thru Display, visual interference},
	Month = {sep},
	Number = {3},
	Pages = {238--251},
	Title = {Rivalry and Interference with a Head-mounted Display},
	Volume = {9},
	Year = {2002}}

@misc{ImagesOculusRift,
	Author = {Oculus (2015)},
	Date-Added = {2015-02-09 13:22:26 +0000},
	Date-Modified = {2015-02-09 13:24:42 +0000},
	Howpublished = {\url{https://www.oculus.com/rift/} [2015-02-09]},
	Title = {\textit{Low Latency 360$\,^{\circ}$ Head Tracking}}}

@misc{ImagesGoogleGlassUI,
	Author = {Google (2013)},
	Date-Added = {2015-02-07 22:02:34 +0000},
	Date-Modified = {2015-02-16 09:34:52 +0000},
	Howpublished = {\url{http://youtu.be/4EvNxWhskf8} [2015-02-07]},
	Title = {\textit{Google Glass How-to: Getting Started} [{O}nline video]}}

@article{6504855,
	Author = {Starner, Thad},
	Date-Added = {2015-02-02 14:18:35 +0000},
	Date-Modified = {2015-02-02 14:22:27 +0000},
	Doi = {10.1109/MPRV.2013.35},
	Issn = {1536-1268},
	Journal = {Pervasive Computing, IEEE},
	Keywords = {Google, Information processing, Natural language, Wearable computers, Google, Google Glass, HUDs, head-up display, pervasive computing, wearable computing},
	Number = {2},
	Pages = {14-16},
	Title = {Project Glass: An Extension of the Self},
	Volume = {12},
	Year = {2013},
	Bdsk-Url-1 = {http://dx.doi.org/10.1109/MPRV.2013.35}}

@misc{tedtalkWhyGlass,
	Author = {Sergey Brin (2013)},
	Date-Added = {2015-02-02 12:35:20 +0000},
	Date-Modified = {2015-02-13 14:38:56 +0000},
	Howpublished = {\url{http://www.ted.com/talks/sergey_brin_why_google_glass} [2015-02-02]},
	Keywords = {Google Glass, Why Google Glass},
	Title = {\textit{Why Google Glass?} {L}ong {B}each, {U}nited {S}tates of {A}merica}}

@misc{glassDesignPrinciples,
	Author = {Google (2015)},
	Date-Added = {2015-02-02 11:19:41 +0000},
	Date-Modified = {2015-02-02 11:23:57 +0000},
	Howpublished = {\url{https://developers.google.com/glass/design/principles} [2015-02-02]},
	Keywords = {Google Glass, Design Principles},
	Title = {\textit{Principles}}}

@misc{framesGlass,
	Author = {Google (2014)},
	Date-Added = {2015-02-02 10:29:27 +0000},
	Date-Modified = {2015-02-02 11:14:44 +0000},
	Howpublished = {\url{http://www.google.com/glass/help/frames/} [2015-02-02]},
	Keywords = {Google Glass, Frame},
	Title = {\textit{Frames}},
	Urldate = {2014-10-22}}

@misc{frameProviders,
	Author = {Google (2014)},
	Date-Added = {2015-02-02 07:54:47 +0000},
	Date-Modified = {2015-02-02 11:01:00 +0000},
	Howpublished = {\url{http://www.google.com/glass/help/frames/providers/} [2015-02-02]},
	Keywords = {Google Glass, Provider, Frame},
	Title = {\textit{Find a Preferred Provider}}}
